% This file was created with JabRef 2.10b2.
% Encoding: UTF-8


@Book{chung2013statistical,
  Title                    = {Statistical and computational methods in brain image analysis},
  Author                   = {Chung, Moo K},
  Publisher                = {CRC Press},
  Year                     = {2013}
}

@Article{cohen1997parametric,
  Title                    = {Parametric analysis of fMRI data using linear systems methods},
  Author                   = {Cohen, Mark S},
  Journal                  = {Neuroimage},
  Year                     = {1997},
  Number                   = {2},
  Pages                    = {93--103},
  Volume                   = {6},

  Publisher                = {Elsevier}
}

@Article{friston1998event,
  Title                    = {Event-related fMRI: characterizing differential responses},
  Author                   = {Friston, Karl J and Fletcher, P and Josephs, Oliver and Holmes, ANDREW and Rugg, MD and Turner, Robert},
  Journal                  = {Neuroimage},
  Year                     = {1998},
  Number                   = {1},
  Pages                    = {30--40},
  Volume                   = {7},

  Publisher                = {Elsevier}
}

@Book{lazar2008statistical,
  Title                    = {The statistical analysis of functional MRI data},
  Author                   = {Lazar, Nicole},
  Publisher                = {Springer Science \& Business Media},
  Year                     = {2008}
}

@Article{lindquist2008statistical,
  Title                    = {The statistical analysis of fMRI data},
  Author                   = {Lindquist, Martin A},
  Journal                  = {Statistical Science},
  Year                     = {2008},
  Pages                    = {439--464},

  Publisher                = {JSTOR}
}

@Article{monti2011statistical,
  Title                    = {Statistical analysis of fMRI time-series: a critical review of the GLM approach},
  Author                   = {Monti, Martin M},
  Journal                  = {Frontiers in human neuroscience},
  Year                     = {2011},
  Volume                   = {5},

  Publisher                = {Frontiers Media SA}
}

@Article{nichols2003controlling,
  Title                    = {Controlling the familywise error rate in functional neuroimaging: a comparative review},
  Author                   = {Nichols, Thomas and Hayasaka, Satoru},
  Journal                  = {Statistical methods in medical research},
  Year                     = {2003},
  Number                   = {5},
  Pages                    = {419--446},
  Volume                   = {12},

  Publisher                = {Sage Publications Sage CA: Thousand Oaks, CA}
}

@Article{vazquez1998nonlinear,
  Title                    = {Nonlinear aspects of the BOLD response in functional MRI},
  Author                   = {Vazquez, Alberto L and Noll, Douglas C},
  Journal                  = {Neuroimage},
  Year                     = {1998},
  Number                   = {2},
  Pages                    = {108--118},
  Volume                   = {7},

  Publisher                = {Elsevier}
}

